@book{texbook,
    author = {Cicero},
    year = {45BC},
    title = {De Finibus Bonorum et Malorum},
}